<record><leader>00000cas a2200000 a 4500</leader><controlfield tag="001">11529980</controlfield><controlfield tag="008">841228d19061913ksuwr ne      0   a0eng d</controlfield><datafield ind1=" " ind2=" " tag="010"><subfield code="a">sn 84030396 </subfield></datafield><datafield ind1=" " ind2=" " tag="040"><subfield code="a">KSH</subfield><subfield code="b">eng</subfield><subfield code="c">KSH</subfield><subfield code="d">NPT</subfield><subfield code="d">OCL</subfield><subfield code="d">OCLCQ</subfield></datafield><datafield ind1=" " ind2=" " tag="042"><subfield code="a">msc</subfield></datafield><datafield ind1="0" ind2=" " tag="130"><subfield code="a">Independent (Attica, Kan.)</subfield></datafield><datafield ind1="1" ind2="4" tag="245"><subfield code="a">The independent.</subfield></datafield><datafield ind1=" " ind2=" " tag="260"><subfield code="a">Attica, Kan. :</subfield><subfield code="b">L.D. Harding,</subfield><subfield code="c">1906-1913.</subfield></datafield><datafield ind1=" " ind2=" " tag="300"><subfield code="a">8 v. :</subfield><subfield code="b">ill. ;</subfield><subfield code="c">49-55 cm.</subfield></datafield><datafield ind1=" " ind2=" " tag="310"><subfield code="a">Weekly</subfield></datafield><datafield ind1="0" ind2=" " tag="362"><subfield code="a">Vol. 11, no. 45 (Apr. 26, 1906)-v. 19, no. 22 (Nov. 6, 1913).</subfield></datafield><datafield ind1=" " ind2=" " tag="525"><subfield code="a">Some issues have supplements.</subfield></datafield><datafield ind1=" " ind2=" " tag="752"><subfield code="a">United States</subfield><subfield code="b">Kansas</subfield><subfield code="c">Harper</subfield><subfield code="d">Attica.</subfield></datafield><datafield ind1="0" ind2="0" tag="780"><subfield code="t">Attica independent (Attica, Kan. : 1895)</subfield><subfield code="w">(DLC)sn 84030401</subfield></datafield><datafield ind1="0" ind2="0" tag="785"><subfield code="t">Attica independent (Attica, Kan. : 1913)</subfield><subfield code="w">(DLC)sn 84030440</subfield></datafield></record>